ISA*00*          *00*          *ZZ*330897513      *ZZ*MHCDI          *220328*0241*U*00401*936664621*0*P*:~GS*HP*330897513*MHCDI*20220328*0241*936664621*X*004010X091A1~ST*835*0001~BPR*I*10338.25*C*ACH*CCP*01*061000052*DA*3299126187*1202994048**01*322271627*DA*1884571473*20220329~TRN*1*3175835662*1202994048~REF*EV*FAC~DTM*405*20220327~N1*PR*CA MEDI-CAL~N3*3075 VANDERCAR WAY~N4*CINCINNATI*OH*45209~REF*2U*47198~N1*PE*MHCDI AUTISM INTEGRATIVE*XX*1174860662~N3*600 W BROADWAY STE 315~N4*GLENDALE*CA*91204~REF*TJ*251916539~LX*1~CLP*1358*1*585*585**HM*2021281BW0563~NM1*QC*1*DANIELYAN*ARIANA****MI*99787972G~NM1*74*1******C*JQC99787972G~REF*CE*MEDI-CAL LA~DTM*050*20211008~PER*CX**TE*8882857801~SVC*HC:97153*146.25*146.25**13~DTM*472*20210927~REF*6R*MHCDI7714~AMT*B6*146.25~SVC*HC:97153*146.25*146.25**13~DTM*472*20210928~REF*6R*MHCDI7715~AMT*B6*146.25~SVC*HC:97153*146.25*146.25**13~DTM*472*20210930~REF*6R*MHCDI7716~AMT*B6*146.25~SVC*HC:97153*146.25*146.25**13~DTM*472*20211001~REF*6R*MHCDI7717~AMT*B6*146.25~CLP*1358*22*-225*-225**HM*2021281BW0563~NM1*QC*1*DANIELYAN*ARIANA****MI*99787972G~NM1*74*1******C*JQC99787972G~REF*CE*MEDI-CAL LA~DTM*050*20211008~PER*CX**TE*8882857801~SVC*HC:97153*-56.25*-56.25**5~DTM*472*20210927~REF*6R*MHCDI7714~AMT*B6*-56.25~SVC*HC:97153*-56.25*-56.25**5~DTM*472*20210928~REF*6R*MHCDI7715~AMT*B6*-56.25~SVC*HC:97153*-56.25*-56.25**5~DTM*472*20210930~REF*6R*MHCDI7716~AMT*B6*-56.25~SVC*HC:97153*-56.25*-56.25**5~DTM*472*20211001~REF*6R*MHCDI7717~AMT*B6*-56.25~CLP*MHCDI1818*1*892*892**HM*2022034BP8930~NM1*QC*1*GEVORKYAN*SERGEY****MI*97136835G~NM1*74*1******C*JQC97136835G~REF*CE*MEDI-CAL LA~DTM*050*20220202~PER*CX**TE*8882857801~SVC*HC:97153*180*180**16~DTM*472*20220126~REF*6R*MHCDI12681~AMT*B6*180~SVC*HC:97155:95*176*176**8~DTM*472*20220126~REF*6R*MHCDI12684~AMT*B6*176~SVC*HC:97153*180*180**16~DTM*472*20220127~REF*6R*MHCDI12682~AMT*B6*180~SVC*HC:97156:95*176*176**8~DTM*472*20220127~REF*6R*MHCDI12685~AMT*B6*176~SVC*HC:97153*180*180**16~DTM*472*20220128~REF*6R*MHCDI12683~AMT*B6*180~CLP*MHCDI1818*22*-622*-622**HM*2022034BP8930~NM1*QC*1*GEVORKYAN*SERGEY****MI*97136835G~NM1*74*1******C*JQC97136835G~REF*CE*MEDI-CAL LA~DTM*050*20220202~PER*CX**TE*8882857801~SVC*HC:97153*-90*-90**8~DTM*472*20220126~REF*6R*MHCDI12681~AMT*B6*-90~SVC*HC:97155:95*-176*-176**8~DTM*472*20220126~REF*6R*MHCDI12684~AMT*B6*-176~SVC*HC:97153*-90*-90**8~DTM*472*20220127~REF*6R*MHCDI12682~AMT*B6*-90~SVC*HC:97156:95*-176*-176**8~DTM*472*20220127~REF*6R*MHCDI12685~AMT*B6*-176~SVC*HC:97153*-90*-90**8~DTM*472*20220128~REF*6R*MHCDI12683~AMT*B6*-90~CLP*MHCDI1923*1*538*538**HM*2022061DP6502~NM1*QC*1*SAYADYAN*MELIK****MI*JQC99379767F~REF*CE*MEDI-CAL LA~DTM*050*20220302~PER*CX**TE*8882857801~SVC*HC:97153*90*90**8~DTM*472*20220221~REF*6R*MHCDI17112~AMT*B6*90~SVC*HC:97153*90*90**8~DTM*472*20220222~REF*6R*MHCDI17113~AMT*B6*90~SVC*HC:97153*90*90**8~DTM*472*20220223~REF*6R*MHCDI17116~AMT*B6*90~SVC*HC:97153*90*90**8~DTM*472*20220224~REF*6R*MHCDI17114~AMT*B6*90~SVC*HC:97156*88*88**4~DTM*472*20220225~REF*6R*MHCDI17111~AMT*B6*88~SVC*HC:97153*90*90**8~DTM*472*20220225~REF*6R*MHCDI17115~AMT*B6*90~CLP*MHCDI1932*1*180*180**HM*2022061DP6903~NM1*QC*1*GEVONDIAN*TIGRAN****MI*JQC92133065G~REF*CE*MEDI-CAL LA~DTM*050*20220302~PER*CX**TE*8882857801~SVC*HC:97153*90*90**8~DTM*472*20220223~REF*6R*MHCDI17150~AMT*B6*90~SVC*HC:97153*90*90**8~DTM*472*20220225~REF*6R*MHCDI17151~AMT*B6*90~CLP*MHCDI1925*1*532*532**HM*2022061DS3798~NM1*QC*1*POGHOSYAN*MONICA****MI*JQC90736212G~REF*CE*MEDI-CAL LA~DTM*050*20220302~PER*CX**TE*8882857801~SVC*HC:97156*176*176**8~DTM*472*20220222~REF*6R*MHCDI17122~AMT*B6*176~SVC*HC:97153*90*90**8~DTM*472*20220222~REF*6R*MHCDI17124~AMT*B6*90~SVC*HC:97155*176*176**8~DTM*472*20220225~REF*6R*MHCDI17123~AMT*B6*176~SVC*HC:97153*90*90**8~DTM*472*20220225~REF*6R*MHCDI17125~AMT*B6*90~CLP*MHCDI1945*1*712*712**HM*2022067DO3701~NM1*QC*1*GARAYAN*ALEXANDER****MI*JQC94272257F~REF*CE*MEDI-CAL LA~DTM*050*20220308~PER*CX**TE*8882857801~SVC*HC:97153*90*90**8~DTM*472*20220228~REF*6R*MHCDI17423~AMT*B6*90~SVC*HC:97153*90*90**8~DTM*472*20220301~REF*6R*MHCDI17421~AMT*B6*90~SVC*HC:97156*176*176**8~DTM*472*20220301~REF*6R*MHCDI17425~AMT*B6*176~SVC*HC:97153*90*90**8~DTM*472*20220303~REF*6R*MHCDI17424~AMT*B6*90~SVC*HC:97153*90*90**8~DTM*472*20220304~REF*6R*MHCDI17422~AMT*B6*90~SVC*HC:97155*176*176**8~DTM*472*20220304~REF*6R*MHCDI17426~AMT*B6*176~CLP*MHCDI1961*1*540*540**HM*2022067DO3753~NM1*QC*1*MKRTCHYAN*VARSINE****MI*JQC98159750G~REF*CE*MEDI-CAL LA~DTM*050*20220308~PER*CX**TE*8882857801~SVC*HC:97153*90*90**8~DTM*472*20220228~REF*6R*MHCDI17489~AMT*B6*90~SVC*HC:97153*90*90**8~DTM*472*20220301~REF*6R*MHCDI17490~AMT*B6*90~SVC*HC:97153*180*180**16~DTM*472*20220302~REF*6R*MHCDI17491~AMT*B6*180~SVC*HC:97153*90*90**8~DTM*472*20220303~REF*6R*MHCDI17492~AMT*B6*90~SVC*HC:97153*90*90**8~DTM*472*20220304~REF*6R*MHCDI17493~AMT*B6*90~CLP*MHCDI1978*1*264*264**HM*2022067DO3839~NM1*QC*1*NAZLUKHANYAN*NOEL****MI*JQC98241833G~NM1*74*1***N~REF*CE*MEDI-CAL LA~DTM*050*20220308~PER*CX**TE*8882857801~SVC*HC:97156:95*88*88**4~DTM*472*20220303~REF*6R*MHCDI17630~AMT*B6*88~SVC*HC:97155:95*176*176**8~DTM*472*20220304~REF*6R*MHCDI17631~AMT*B6*176~CLP*MHCDI1960*1*360*360**HM*2022067DO4319~NM1*QC*1*GEVONDIAN*TIGRAN****MI*JQC92133065G~REF*CE*MEDI-CAL LA~DTM*050*20220308~PER*CX**TE*8882857801~SVC*HC:97153*90*90**8~DTM*472*20220228~REF*6R*MHCDI17485~AMT*B6*90~SVC*HC:97153*90*90**8~DTM*472*20220301~REF*6R*MHCDI17486~AMT*B6*90~SVC*HC:97153*90*90**8~DTM*472*20220304~REF*6R*MHCDI17487~AMT*B6*90~SVC*HC:97153*90*90**8~DTM*472*20220305~REF*6R*MHCDI17488~AMT*B6*90~CLP*MHCDI1950*1*450*450**HM*2022067DO4342~NM1*QC*1*VAROSYAN*ARTUR****MI*JQC94364862G~REF*CE*MEDI-CAL LA~DTM*050*20220308~PER*CX**TE*8882857801~SVC*HC:97153*90*90**8~DTM*472*20220228~REF*6R*MHCDI17444~AMT*B6*90~SVC*HC:97153*90*90**8~DTM*472*20220301~REF*6R*MHCDI17445~AMT*B6*90~SVC*HC:97153*90*90**8~DTM*472*20220302~REF*6R*MHCDI17446~AMT*B6*90~SVC*HC:97153*90*90**8~DTM*472*20220303~REF*6R*MHCDI17447~AMT*B6*90~SVC*HC:97153*90*90**8~DTM*472*20220304~REF*6R*MHCDI17448~AMT*B6*90~CLP*MHCDI1967*1*264*264**HM*2022067DO4394~NM1*QC*1*DANIELYAN*ARIANA****MI*JQC99787972G~REF*CE*MEDI-CAL LA~DTM*050*20220308~PER*CX**TE*8882857801~SVC*HC:97156:95*88*88**4~DTM*472*20220301~REF*6R*MHCDI17608~AMT*B6*88~SVC*HC:97156:95*176*176**8~DTM*472*20220303~REF*6R*MHCDI17609~AMT*B6*176~CLP*MHCDI1966*1*512*512**HM*2022067DO4821~NM1*QC*1*TRACHIAN*ANI****MI*JQC97926608F~REF*CE*MEDI-CAL LA~DTM*050*20220308~PER*CX**TE*8882857801~SVC*HC:97155*176*176**8~DTM*472*20220301~REF*6R*MHCDI17605~AMT*B6*176~SVC*HC:97155*176*176**8~DTM*472*20220305~REF*6R*MHCDI17606~AMT*B6*176~SVC*HC:97151:95*160*160**8~DTM*472*20220306~REF*6R*MHCDI17607~AMT*B6*160~CLP*MHCDI1969*1*352*352**HM*2022067DO4915~NM1*QC*1*VAROSYAN*ARTUR****MI*JQC94364862G~REF*CE*MEDI-CAL LA~DTM*050*20220308~PER*CX**TE*8882857801~SVC*HC:97155:95*176*176**8~DTM*472*20220303~REF*6R*MHCDI17611~AMT*B6*176~SVC*HC:97156:95*176*176**8~DTM*472*20220304~REF*6R*MHCDI17612~AMT*B6*176~CLP*MHCDI1955*1*405*405**HM*2022067DO4967~NM1*QC*1*POGOSIAN*MILANA****MI*JQC94486036G~REF*CE*MEDI-CAL LA~DTM*050*20220308~PER*CX**TE*8882857801~SVC*HC:97153*78.75*78.75**7~DTM*472*20220301~REF*6R*MHCDI17461~AMT*B6*78.75~SVC*HC:97153*78.75*78.75**7~DTM*472*20220302~REF*6R*MHCDI17462~AMT*B6*78.75~SVC*HC:97153*78.75*78.75**7~DTM*472*20220303~REF*6R*MHCDI17463~AMT*B6*78.75~SVC*HC:97153*78.75*78.75**7~DTM*472*20220304~REF*6R*MHCDI17464~AMT*B6*78.75~SVC*HC:97153*90*90**8~DTM*472*20220305~REF*6R*MHCDI17465~AMT*B6*90~CLP*MHCDI1975*1*264*264**HM*2022067DO4988~NM1*QC*1*SHERMAN*STEFANI****MI*JQC99426140G~REF*CE*MEDI-CAL LA~DTM*050*20220308~PER*CX**TE*8882857801~SVC*HC:97156:95*176*176**8~DTM*472*20220302~REF*6R*MHCDI17625~AMT*B6*176~SVC*HC:97156:95*88*88**4~DTM*472*20220304~REF*6R*MHCDI17624~AMT*B6*88~CLP*MHCDI1953*1*603.5*603.5**HM*2022067DO4990~NM1*QC*1*MKRTCHYAN*HAYK****MI*JQC99242712G~REF*CE*MEDI-CAL LA~DTM*050*20220308~PER*CX**TE*8882857801~SVC*HC:97153*90*90**8~DTM*472*20220228~REF*6R*MHCDI17455~AMT*B6*90~SVC*HC:97155*176*176**8~DTM*472*20220301~REF*6R*MHCDI17454~AMT*B6*176~SVC*HC:97153*90*90**8~DTM*472*20220301~REF*6R*MHCDI17456~AMT*B6*90~SVC*HC:97153*90*90**8~DTM*472*20220302~REF*6R*MHCDI17457~AMT*B6*90~SVC*HC:97153*67.5*67.5**6~DTM*472*20220303~REF*6R*MHCDI17458~AMT*B6*67.5~SVC*HC:97153*90*90**8~DTM*472*20220304~REF*6R*MHCDI17459~AMT*B6*90~CLP*MHCDI1971*1*264*264**HM*2022067DO5132~NM1*QC*1*TER-MATEVOSYAN*EMILY****MI*JQC92775090F~NM1*74*1*TERMATEVOSYAN~REF*CE*MEDI-CAL LA~DTM*050*20220308~PER*CX**TE*8882857801~SVC*HC:97155:95*176*176**8~DTM*472*20220302~REF*6R*MHCDI17614~AMT*B6*176~SVC*HC:97156:95*88*88**4~DTM*472*20220304~REF*6R*MHCDI17615~AMT*B6*88~CLP*MHCDI1956*1*622*622**HM*2022067DO5346~NM1*QC*1*POGHOSYAN*MONICA****MI*JQC90736212G~REF*CE*MEDI-CAL LA~DTM*050*20220308~PER*CX**TE*8882857801~SVC*HC:97153*90*90**8~DTM*472*20220228~REF*6R*MHCDI17468~AMT*B6*90~SVC*HC:97153*90*90**8~DTM*472*20220302~REF*6R*MHCDI17466~AMT*B6*90~SVC*HC:97156*176*176**8~DTM*472*20220302~REF*6R*MHCDI17469~AMT*B6*176~SVC*HC:97153*90*90**8~DTM*472*20220304~REF*6R*MHCDI17467~AMT*B6*90~SVC*HC:97155*176*176**8~DTM*472*20220304~REF*6R*MHCDI17470~AMT*B6*176~CLP*MHCDI1948*1*708.75*708.75**HM*2022067DO5474~NM1*QC*1*DANIELYAN*ARIANA****MI*JQC99787972G~REF*CE*MEDI-CAL LA~DTM*050*20220308~PER*CX**TE*8882857801~SVC*HC:97153*101.25*101.25**9~DTM*472*20220228~REF*6R*MHCDI17436~AMT*B6*101.25~SVC*HC:97153*135*135**12~DTM*472*20220301~REF*6R*MHCDI17433~AMT*B6*135~SVC*HC:97153*135*135**12~DTM*472*20220302~REF*6R*MHCDI17434~AMT*B6*135~SVC*HC:97153*225*225**20~DTM*472*20220303~REF*6R*MHCDI17437~AMT*B6*225~SVC*HC:97153*112.5*112.5**10~DTM*472*20220305~REF*6R*MHCDI17435~AMT*B6*112.5~CLP*MHCDI1962*1*450*450**HM*2022067DO6166~NM1*QC*1*MIRZARKHANYAN*WILLIAM****MI*JQC92386338E~NM1*74*1*MIRZAKHANYAN~REF*CE*MEDI-CAL LA~DTM*050*20220308~PER*CX**TE*8882857801~SVC*HC:97153*90*90**8~DTM*472*20220228~REF*6R*MHCDI17494~AMT*B6*90~SVC*HC:97153*90*90**8~DTM*472*20220301~REF*6R*MHCDI17495~AMT*B6*90~SVC*HC:97153*90*90**8~DTM*472*20220302~REF*6R*MHCDI17496~AMT*B6*90~SVC*HC:97153*90*90**8~DTM*472*20220303~REF*6R*MHCDI17497~AMT*B6*90~SVC*HC:97153*90*90**8~DTM*472*20220304~REF*6R*MHCDI17498~AMT*B6*90~CLP*1379*1*45*45**HM*2022068DW9612~NM1*QC*1*TOROSYAN*ARSEN****MI*JQC99018257F~REF*CE*MEDI-CAL LA~DTM*050*20220309~PER*CX**TE*8882857801~SVC*HC:97153*45*45**4~DTM*472*20211005~REF*6R*MHCDI7781~AMT*B6*45~CLP*1410*1*45*45**HM*2022068DW9989~NM1*QC*1*TOROSYAN*ARSEN****MI*JQC99018257F~REF*CE*MEDI-CAL LA~DTM*050*20220309~PER*CX**TE*8882857801~SVC*HC:97153*45*45**4~DTM*472*20211014~REF*6R*MHCDI7904~AMT*B6*45~CLP*MHCDI1808*1*667*667**HM*2022068DX0116~NM1*QC*1*TOROSYAN*ARSEN****MI*JQC99018257F~REF*CE*MEDI-CAL LA~DTM*050*20220309~PER*CX**TE*8882857801~SVC*HC:97153*90*90**8~DTM*472*20220124~REF*6R*MHCDI12645~AMT*B6*90~SVC*HC:97153*90*90**8~DTM*472*20220125~REF*6R*MHCDI12646~AMT*B6*90~SVC*HC:97156:95*176*176**8~DTM*472*20220126~REF*6R*MHCDI12643~AMT*B6*176~SVC*HC:97153*45*45**4~DTM*472*20220126~REF*6R*MHCDI12647~AMT*B6*45~SVC*HC:97156:95*176*176**8~DTM*472*20220127~REF*6R*MHCDI12644~AMT*B6*176~SVC*HC:97153*90*90**8~DTM*472*20220127~REF*6R*MHCDI12648~AMT*B6*90~CLP*1358*4*585*0**HM*2022068DX0267~NM1*QC*1*DANIELYAN*ARIANA****MI*JQC99787972G~REF*CE*MEDI-CAL LA~DTM*050*20220309~PER*CX**TE*8882857801~SVC*HC:97153*146.25*0****13~DTM*472*20210927~CAS*CO*18*146.25~REF*6R*MHCDI7714~SVC*HC:97153*146.25*0****13~DTM*472*20210928~CAS*CO*18*146.25~REF*6R*MHCDI7715~SVC*HC:97153*146.25*0****13~DTM*472*20210930~CAS*CO*18*146.25~REF*6R*MHCDI7716~SVC*HC:97153*146.25*0****13~DTM*472*20211001~CAS*CO*18*146.25~REF*6R*MHCDI7717~CLP*1297*4*630*0**HM*2022068DX0837~NM1*QC*1*VARDAZARYAN*ANAIT****MI*JQC98355947F~REF*CE*MEDI-CAL LA~DTM*050*20220309~PER*CX**TE*8882857801~SVC*HC:97153*90*0****8~DTM*472*20210927~CAS*CO*29*90~REF*6R*MHCDI7510~SVC*HC:97153*90*0****8~DTM*472*20210928~CAS*CO*29*90~REF*6R*MHCDI7511~SVC*HC:97153*180*0****16~DTM*472*20210929~CAS*CO*29*180~REF*6R*MHCDI7512~SVC*HC:97153*135*0****12~DTM*472*20210930~CAS*CO*29*135~REF*6R*3111297~SVC*HC:97153*135*0****12~DTM*472*20211002~CAS*CO*29*135~REF*6R*MHCDI7513~CLP*1165*1*90*90**HM*2022068DX0887~NM1*QC*1*TOROSYAN*ARSEN****MI*JQC99018257F~REF*CE*MEDI-CAL LA~DTM*050*20220309~PER*CX**TE*8882857801~SVC*HC:97153*90*90**8~DTM*472*20210914~REF*6R*ABC6642~AMT*B6*90~CLP*MHCDI1788*1*660*660**HM*2022068DX0985~NM1*QC*1*TOROSYAN*ARSEN****MI*JQC99018257F~REF*CE*MEDI-CAL LA~DTM*050*20220309~PER*CX**TE*8882857801~SVC*HC:97153*90*90**8~DTM*472*20220118~REF*6R*MHCDI12428~AMT*B6*90~SVC*HC:97153*90*90**8~DTM*472*20220119~REF*6R*MHCDI12427~AMT*B6*90~SVC*HC:97151:95*160*160**8~DTM*472*20220121~REF*6R*MHCDI12424~AMT*B6*160~SVC*HC:97151:95*160*160**8~DTM*472*20220122~REF*6R*MHCDI12425~AMT*B6*160~SVC*HC:97151:95*160*160**8~DTM*472*20220123~REF*6R*MHCDI12426~AMT*B6*160~CLP*1297*4*495*0**HM*2022068DX1123~NM1*QC*1*VARDAZARYAN*ANAIT****MI*JQC98355947F~REF*CE*MEDI-CAL LA~DTM*050*20220309~PER*CX**TE*8882857801~SVC*HC:97153*90*0****8~DTM*472*20210927~CAS*CO*29*90~REF*6R*MHCDI7510~SVC*HC:97153*90*0****8~DTM*472*20210928~CAS*CO*29*90~REF*6R*MHCDI7511~SVC*HC:97153*180*0****16~DTM*472*20210929~CAS*CO*29*180~REF*6R*MHCDI7512~SVC*HC:97153*135*0****12~DTM*472*20211002~CAS*CO*29*135~REF*6R*MHCDI7513~CLP*1166*1*90*90**HM*2022068DX1594~NM1*QC*1*TOROSYAN*ARSEN****MI*JQC99018257F~REF*CE*MEDI-CAL LA~DTM*050*20220309~PER*CX**TE*8882857801~SVC*HC:97153*90*90**8~DTM*472*20210916~REF*6R*ABC6643~AMT*B6*90~CLP*MHCDI1818*4*892*0**HM*2022068EZ5614~NM1*QC*1*GEVORKYAN*SERGEY****MI*JQC97136835G~REF*CE*MEDI-CAL LA~DTM*050*20220309~PER*CX**TE*8882857801~SVC*HC:97153*180*0****16~DTM*472*20220126~CAS*CO*18*180~REF*6R*MHCDI12681~SVC*HC:97155:95*176*0****8~DTM*472*20220126~CAS*CO*18*176~REF*6R*MHCDI12684~SVC*HC:97153*180*0****16~DTM*472*20220127~CAS*CO*18*180~REF*6R*MHCDI12682~SVC*HC:97156:95*176*0****8~DTM*472*20220127~CAS*CO*18*176~REF*6R*MHCDI12685~SVC*HC:97153*180*0****16~DTM*472*20220128~CAS*CO*18*180~REF*6R*MHCDI12683~CLP*MHCDI2024*1*90*90**HM*2022081DY8621~NM1*QC*1*YUSPASHYAN*ARTYOM****MI*JQC95825414G~REF*CE*MEDI-CAL LA~DTM*050*20220322~PER*CX**TE*8882857801~SVC*HC:97153*90*90**8~DTM*472*20220318~REF*6R*MHCDI18228~AMT*B6*90~SE*679*0001~GE*1*936664621~IEA*1*936664621~