ISA*00*          *00*          *ZZ*330897513      *ZZ*CULTIVATEBMC   *220414*1216*^*00501*943324728*0*P*:~GS*HP*330897513*CULTIVATEBMC*20220414*1216*943324728*X*005010X221A1~ST*835*0001~BPR*H*0*C*NON************20220414~TRN*1*610028704263*1591031071~REF*EV*330897513~REF*F2*GWFC~DTM*405*20220413~N1*PR*GREATWESTHEALTHCARE-CIGNA~N3*8505 E. ORCHARD RD~N4*GREENWOOD VILLAGE*CO*80111~REF*2U*80705~PER*BL*EDI HELP DESK*TE*8008103388~PER*CX*GWHC_EDIPROD*EM*EDIESCALATEDREQUESTS@CIGNA.COM*TE*8008103388~N1*PE*BLUEGRASS BEHAVIORAL HEALTH GROUP*XX*1952840860~N3*12600 HILL COUNTRY BLVD*STE R-100~N4*AUSTIN*TX*787386748~REF*PQ*200058205196~REF*TJ*814542291~LX*1~TS3*1952840860*11*20221231*1*2837.5~CLP*11062-119072*1*2837.5*0*1418.75*13*220893699400*11*1~NM1*QC*1*BEACH*WILLIAM****MI*10670804803~NM1*IL*1*BEACH*WILLIAM*C***MI*10670804800~NM1*82*1*JARVI*EMMA****XX*1265061287~REF*1L*00627095~REF*CE*OPEN ACCESS PLUS~REF*G1*OP1072073424~DTM*232*20220321~DTM*233*20220324~DTM*050*20220405~AMT*AU*1418.75~SVC*HC:97153*800*0**32~DTM*150*20220321~DTM*151*20220321~CAS*CO*45*400~CAS*PR*1*400~REF*APC*0~REF*6R*316207~AMT*B6*400~LQ*HE*M16~SVC*HC:97155*300*0**8~DTM*150*20220321~DTM*151*20220321~CAS*CO*45*150~CAS*PR*1*150~REF*APC*0~REF*6R*316211~AMT*B6*150~LQ*HE*M16~SVC*HC:97153*600*0**24~DTM*150*20220322~DTM*151*20220322~CAS*CO*45*300~CAS*PR*1*300~REF*APC*0~REF*6R*316208~AMT*B6*300~LQ*HE*M16~SVC*HC:97153*350*0**14~DTM*150*20220323~DTM*151*20220323~CAS*CO*45*175~CAS*PR*1*175~REF*APC*0~REF*6R*316209~AMT*B6*175~LQ*HE*M16~SVC*HC:97153*375*0**15~DTM*150*20220324~DTM*151*20220324~CAS*CO*45*187.5~CAS*PR*1*187.5~REF*APC*0~REF*6R*316210~AMT*B6*187.5~LQ*HE*M16~SVC*HC:97155*412.5*0**11~DTM*150*20220324~DTM*151*20220324~CAS*CO*45*206.25~CAS*PR*1*206.25~REF*APC*0~REF*6R*316212~AMT*B6*206.25~LQ*HE*M16~SE*85*0001~ST*835*0002~BPR*H*0*C*NON************20220414~TRN*1*220414190290926*1591031071~REF*EV*330897513~REF*F2*1~DTM*405*20220414~N1*PR*CIGNA HEALTH AND LIFE INSURANCE COMPANY~N3*P. O. BOX 182223~N4*CHATTANOOGA*TN*374227223~PER*BL*EDI HELP DESK*TE*8008103388~N1*PE*PROGRESSIVE BEHAVIORAL S*XX*1851649297~N3*# 100*12600 HILL COUNTRY BLVD~N4*AUSTIN*TX*787386723~REF*TJ*261498076~LX*1~TS3*1851649297*12*20221231*1*1200~CLP*11062-108915*1*1200*0*1200*13*8222206990018*12*1~NM1*QC*1*GARCIA*LUQUE****MI*U4321268303~NM1*IL*1*GARCIA*LUQUE****MI*U4321268301~NM1*82*1*ANGLADE*ENASHA****XX*1962910521~REF*1L*3332199~REF*CE*OPEN ACCESS PLUS~REF*G1*OP1101670376~REF*9A*202203170011717~DTM*232*20220214~DTM*233*20220214~DTM*050*20220304~PER*CX*MEMBER SERVICES*TE*8002446224~AMT*AU*493.15~SVC*HC:97151*1200*0****32~CAS*PR*45*706.85**1*493.15~REF*6R*287465~AMT*B6*493.15~LQ*HE*M16~SE*35*0002~ST*835*0003~BPR*H*0*C*NON************20220414~TRN*1*220414190273045*1411648670~REF*EV*330897513~REF*F2*1~DTM*405*20220414~N1*PR*EVERNORTH BEHAVIORAL HEALTH, INC.~N3*P.O. BOX 182223~N4*CHATTANOOGA*TN*374227223~PER*BL*EDI HELP DESK*TE*8008103388~N1*PE*ADV BEHAVIORAL CONSULT*XX*1245764927~N3*# R-100*12600 HILL COUNTRY BLVD~N4*AUSTIN*TX*787386748~REF*TJ*821235648~LX*1~TS3*1245764927*11*20221231*2*0~CLP*11062-102313*4*1818.75*0**13*9432203697553*11*1~NM1*QC*1*NEWBERN*DALLAS*G***MI*U7947133104~NM1*IL*1*NEWBERN*DALLAS****MI*U7947133101~NM1*82*1*DAVIS*KALEIGH****XX*1447736244~REF*1L*3211484~REF*CE*OPEN ACCESS PLUS~REF*G1*OP1082725995~DTM*232*20211012~DTM*233*20211014~DTM*050*20220205~PER*CX*MEMBER SERVICES*TE*8002446224~SVC*HC:97153*600*0****32~DTM*150*20211012~DTM*151*20211012~CAS*CO*226*600~REF*6R*266654~LQ*HE*M127~SVC*HC:97155*112.5*0****3~DTM*150*20211012~DTM*151*20211012~CAS*CO*226*112.5~REF*6R*266751~LQ*HE*M127~SVC*HC:97153*562.5*0****30~DTM*150*20211013~DTM*151*20211013~CAS*CO*226*562.5~REF*6R*266655~LQ*HE*M127~SVC*HC:97154*37.5*0****2~DTM*150*20211013~DTM*151*20211013~CAS*CO*226*37.5~REF*6R*266724~LQ*HE*M127~SVC*HC:97153*412.5*0****22~DTM*150*20211014~DTM*151*20211014~CAS*CO*226*412.5~REF*6R*266656~LQ*HE*M127~SVC*HC:97154*93.75*0****5~DTM*150*20211014~DTM*151*20211014~CAS*CO*226*93.75~REF*6R*266725~LQ*HE*M127~CLP*11062-102313*22*-1818.75*0**13*9432203697553*11*1~NM1*QC*1*NEWBERN*DALLAS*G***MI*U7947133104~NM1*IL*1*NEWBERN*DALLAS****MI*U7947133101~NM1*82*1*DAVIS*KALEIGH****XX*1447736244~REF*1L*3211484~REF*CE*OPEN ACCESS PLUS~REF*G1*OP1082725995~DTM*232*20211012~DTM*233*20211014~DTM*050*20220205~PER*CX*MEMBER SERVICES*TE*8002446224~SVC*HC:97153*-600*0****32~DTM*150*20211012~DTM*151*20211012~CAS*CO*252*-600~REF*6R*266654~LQ*HE*M127~SVC*HC:97155*-112.5*0****3~DTM*150*20211012~DTM*151*20211012~CAS*CO*252*-112.5~REF*6R*266751~LQ*HE*M127~SVC*HC:97153*-562.5*0****30~DTM*150*20211013~DTM*151*20211013~CAS*CO*252*-562.5~REF*6R*266655~LQ*HE*M127~SVC*HC:97154*-37.5*0****2~DTM*150*20211013~DTM*151*20211013~CAS*CO*252*-37.5~REF*6R*266724~LQ*HE*M127~SVC*HC:97153*-412.5*0****22~DTM*150*20211014~DTM*151*20211014~CAS*CO*252*-412.5~REF*6R*266656~LQ*HE*M127~SVC*HC:97154*-93.75*0****5~DTM*150*20211014~DTM*151*20211014~CAS*CO*252*-93.75~REF*6R*266725~LQ*HE*M127~SE*111*0003~GE*3*943324728~IEA*1*943324728~