ISA*00*          *00*          *ZZ*330897513      *ZZ*GROWTHSTREET   *220704*0706*^*00501*971143997*0*P*:~GS*HP*330897513*GROWTHSTREET*20220704*0706*971143997*X*005010X221A1~ST*835*0001~BPR*I*9067.1*C*ACH*CCP*01*031100225*DA*2079950011990*1222651245**01*211370150*DA*98960266*20220705~TRN*1*20220629114003570EPRA104607748*1222651245~REF*EV*133052274~DTM*405*20220629~N1*PR*HORIZON NEW JERSEY*XV*22326~N3*PO BOX 24077~N4*NEWARK*NJ*071010406~REF*2U*22326~REF*EO*3404028~PER*CX*PROVIDER SERVICES~PER*BL*PROVIDER SERVICES~N1*PE*GROWTH STREET ABA LLC*XX*1649805581~N3*28 WALNUT PARKWAY 2~N4*MONTCLAIR*NJ*07042~REF*TJ*845007863~REF*PQ*60435437~LX*0~CLP*GST1348*1*724.85*724.85**MC*22154H179300*12*1~NM1*QC*1*FAISON*MADISON****MI*71919264~NM1*82*1*WRIGHT*JASMINE*N***XX*1003321787~REF*1L*0700~REF*G1*13283880~REF*SY*739719500~DTM*050*20220603~AMT*AU*724.85~SVC*HC:97155*150.85*150.85**7~DTM*472*20220516~REF*6R*GST30378~AMT*B6*150.85~SVC*HC:H0032*100*100**4~DTM*472*20220520~REF*6R*GST30379~AMT*B6*100.00~SVC*HC:97155*172.4*172.4**8~DTM*472*20220526~REF*6R*GST30380~AMT*B6*172.40~SVC*HC:H0032*100*100**4~DTM*472*20220526~REF*6R*GST30381~AMT*B6*100.00~SVC*HC:97153*100.8*100.8**9~DTM*472*20220516~REF*6R*GST30382~AMT*B6*100.80~SVC*HC:97153*100.8*100.8**9~DTM*472*20220517~REF*6R*GST30383~AMT*B6*100.80~CLP*GST1349*1*582.4*582.4**MC*22154H179400*12*1~NM1*QC*1*FAISON*MADISON****MI*71919264~NM1*82*1*WRIGHT*JASMINE*N***XX*1003321787~REF*1L*0700~REF*G1*13283880~REF*SY*739719500~DTM*050*20220603~AMT*AU*582.4~SVC*HC:97153*56*56**5~DTM*472*20220518~REF*6R*GST30384~AMT*B6*56.00~SVC*HC:97153*100.8*100.8**9~DTM*472*20220519~REF*6R*GST30385~AMT*B6*100.80~SVC*HC:97153*100.8*100.8**9~DTM*472*20220520~REF*6R*GST30386~AMT*B6*100.80~SVC*HC:97153*123.2*123.2**11~DTM*472*20220523~REF*6R*GST30387~AMT*B6*123.20~SVC*HC:97153*100.8*100.8**9~DTM*472*20220524~REF*6R*GST30388~AMT*B6*100.80~SVC*HC:97153*100.8*100.8**9~DTM*472*20220525~REF*6R*GST30389~AMT*B6*100.80~CLP*GST1350*1*212.8*212.8**MC*22154H179500*12*1~NM1*QC*1*FAISON*MADISON****MI*71919264~NM1*82*1*WRIGHT*JASMINE*N***XX*1003321787~REF*1L*0700~REF*G1*13283880~REF*SY*739719500~DTM*050*20220603~AMT*AU*212.8~SVC*HC:97153*100.8*100.8**9~DTM*472*20220526~REF*6R*GST30390~AMT*B6*100.80~SVC*HC:97153*112*112**10~DTM*472*20220527~REF*6R*GST30391~AMT*B6*112.00~CLP*GST1352*1*560*560**MC*22154H179600*12*1~NM1*QC*1*HASHEM*RAGHAD****MI*71405154~NM1*82*1*WRIGHT*JASMINE*N***XX*1003321787~REF*1L*0700~REF*G1*13297186~REF*SY*086534644~DTM*050*20220603~AMT*AU*560~SVC*HC:97153*56*56**5~DTM*472*20220516~REF*6R*GST30397~AMT*B6*56.00~SVC*HC:97153*100.8*100.8**9~DTM*472*20220517~REF*6R*GST30398~AMT*B6*100.80~SVC*HC:97153*100.8*100.8**9~DTM*472*20220518~REF*6R*GST30399~AMT*B6*100.80~SVC*HC:97153*100.8*100.8**9~DTM*472*20220523~REF*6R*GST30400~AMT*B6*100.80~SVC*HC:97153*100.8*100.8**9~DTM*472*20220525~REF*6R*GST30401~AMT*B6*100.80~SVC*HC:97153*100.8*100.8**9~DTM*472*20220526~REF*6R*GST30402~AMT*B6*100.80~CLP*GST1353*1*500.8*500.8**MC*22154H179700*12*1~NM1*QC*1*HASHEM*RAGHAD****MI*71405154~NM1*82*1*WRIGHT*JASMINE*N***XX*1003321787~REF*1L*0700~REF*G1*13297186~REF*SY*086534644~DTM*050*20220603~AMT*AU*500.8~SVC*HC:H0032*100*100**4~DTM*472*20220524~REF*6R*GST30403~AMT*B6*100.00~SVC*HC:H0032*100*100**4~DTM*472*20220519~REF*6R*GST30404~AMT*B6*100.00~SVC*HC:97156*200*200**8~DTM*472*20220517~REF*6R*GST30405~AMT*B6*200.00~SVC*HC:97153*100.8*100.8**9~DTM*472*20220512~REF*6R*GST30406~AMT*B6*100.80~CLP*GST1354*1*1000*1000**MC*22154H179800*12*1~NM1*QC*1*HUNTER*ADEN****MI*YHZ72402338~NM1*74*1******C*72402338~NM1*82*1*WRIGHT*JASMINE*N***XX*1003321787~REF*1L*0700~REF*G1*13697424~REF*SY*869506244~DTM*050*20220603~AMT*AU*1000~SVC*HC:97151*200*200**8~DTM*472*20220502~REF*6R*GST30407~AMT*B6*200.00~SVC*HC:97151*200*200**8~DTM*472*20220503~REF*6R*GST30408~AMT*B6*200.00~SVC*HC:97151*200*200**8~DTM*472*20220504~REF*6R*GST30409~AMT*B6*200.00~SVC*HC:97151*200*200**8~DTM*472*20220505~REF*6R*GST30410~AMT*B6*200.00~SVC*HC:97151*200*200**8~DTM*472*20220507~REF*6R*GST30411~AMT*B6*200.00~CLP*GST1355*1*268.8*268.8**MC*22154H179900*12*1~NM1*QC*1*LEMUS*SAMUEL****MI*YHZ72283748~NM1*74*1******C*72283748~NM1*82*1*WRIGHT*JASMINE*N***XX*1003321787~REF*1L*0700~REF*G1*12816203~REF*SY*043217060~DTM*050*20220603~AMT*AU*268.8~SVC*HC:97153*89.6*89.6**8~DTM*472*20220528~REF*6R*GST30412~AMT*B6*89.60~SVC*HC:97153*89.6*89.6**8~DTM*472*20220527~REF*6R*GST30413~AMT*B6*89.60~SVC*HC:97153*89.6*89.6**8~DTM*472*20220526~REF*6R*GST30414~AMT*B6*89.60~CLP*GST1356*1*448*448**MC*22154H180000*12*1~NM1*QC*1*LOO*MATHIAS****MI*YHZ71372895~NM1*74*1******C*71372895~NM1*82*1*WRIGHT*JASMINE*N***XX*1003321787~REF*1L*0700~REF*G1*13256980~REF*SY*352791573~DTM*050*20220603~AMT*AU*448~SVC*HC:97153*89.6*89.6**8~DTM*472*20220516~REF*6R*GST30415~AMT*B6*89.60~SVC*HC:97153*89.6*89.6**8~DTM*472*20220517~REF*6R*GST30416~AMT*B6*89.60~SVC*HC:97153*89.6*89.6**8~DTM*472*20220518~REF*6R*GST30417~AMT*B6*89.60~SVC*HC:97153*89.6*89.6**8~DTM*472*20220524~REF*6R*GST30418~AMT*B6*89.60~SVC*HC:97153*89.6*89.6**8~DTM*472*20220525~REF*6R*GST30419~AMT*B6*89.60~CLP*GST1359*1*537.05*537.05**MC*22154H180100*12*1~NM1*QC*1*PAEZ*VIVIAN****MI*71732442~NM1*74*1*PAEZLIMON~NM1*82*1*WRIGHT*JASMINE*N***XX*1003321787~REF*1L*0700~REF*G1*13413778~REF*SY*033965520~DTM*050*20220603~AMT*AU*537.05~SVC*HC:97155*64.65*64.65**3~DTM*472*20220516~REF*6R*GST30430~AMT*B6*64.65~SVC*HC:H0032*100*100**4~DTM*472*20220516~REF*6R*GST30431~AMT*B6*100.00~SVC*HC:97155*43.1*43.1**2~DTM*472*20220520~REF*6R*GST30432~AMT*B6*43.10~SVC*HC:97156*100*100**4~DTM*472*20220521~REF*6R*GST30433~AMT*B6*100.00~SVC*HC:H0032*100*100**4~DTM*472*20220524~REF*6R*GST30434~AMT*B6*100.00~SVC*HC:97155*129.3*129.3**6~DTM*472*20220525~REF*6R*GST30435~AMT*B6*129.30~CLP*GST1360*1*511.9*511.9**MC*22154H180200*12*1~NM1*QC*1*PAEZ*VIVIAN****MI*71732442~NM1*74*1*PAEZLIMON~NM1*82*1*WRIGHT*JASMINE*N***XX*1003321787~REF*1L*0700~REF*G1*13413778~REF*SY*033965520~DTM*050*20220603~AMT*AU*511.9~SVC*HC:97156*100*100**4~DTM*472*20220525~REF*6R*GST30436~AMT*B6*100.00~SVC*HC:97155*43.1*43.1**2~DTM*472*20220526~REF*6R*GST30437~AMT*B6*43.10~SVC*HC:97156*100*100**4~DTM*472*20220526~REF*6R*GST30438~AMT*B6*100.00~SVC*HC:97153*89.6*89.6**8~DTM*472*20220517~REF*6R*GST30439~AMT*B6*89.60~SVC*HC:97153*89.6*89.6**8~DTM*472*20220518~REF*6R*GST30440~AMT*B6*89.60~SVC*HC:97153*89.6*89.6**8~DTM*472*20220519~REF*6R*GST30441~AMT*B6*89.60~CLP*GST1361*1*537.6*537.6**MC*22154H180300*12*1~NM1*QC*1*PAEZ*VIVIAN****MI*71732442~NM1*74*1*PAEZLIMON~NM1*82*1*WRIGHT*JASMINE*N***XX*1003321787~REF*1L*0700~REF*G1*13413778~REF*SY*033965520~DTM*050*20220603~AMT*AU*537.6~SVC*HC:97153*89.6*89.6**8~DTM*472*20220525~REF*6R*GST30442~AMT*B6*89.60~SVC*HC:97153*89.6*89.6**8~DTM*472*20220526~REF*6R*GST30443~AMT*B6*89.60~SVC*HC:97153*78.4*78.4**7~DTM*472*20220514~REF*6R*GST30444~AMT*B6*78.40~SVC*HC:97153*89.6*89.6**8~DTM*472*20220503~REF*6R*GST30445~AMT*B6*89.60~SVC*HC:97153*89.6*89.6**8~DTM*472*20220513~REF*6R*GST30446~AMT*B6*89.60~SVC*HC:97153*100.8*100.8**9~DTM*472*20220520~REF*6R*GST30447~AMT*B6*100.80~CLP*GST1362*1*448*448**MC*22154H180400*12*1~NM1*QC*1*PAEZ*VIVIAN****MI*71732442~NM1*74*1*PAEZLIMON~NM1*82*1*WRIGHT*JASMINE*N***XX*1003321787~REF*1L*0700~REF*G1*13413778~REF*SY*033965520~DTM*050*20220603~AMT*AU*448~SVC*HC:97153*89.6*89.6**8~DTM*472*20220516~REF*6R*GST30448~AMT*B6*89.60~SVC*HC:97153*89.6*89.6**8~DTM*472*20220523~REF*6R*GST30449~AMT*B6*89.60~SVC*HC:97153*89.6*89.6**8~DTM*472*20220527~REF*6R*GST30450~AMT*B6*89.60~SVC*HC:97153*89.6*89.6**8~DTM*472*20220528~REF*6R*GST30451~AMT*B6*89.60~SVC*HC:97153*89.6*89.6**8~DTM*472*20220521~REF*6R*GST30452~AMT*B6*89.60~CLP*GST1363*1*448*448**MC*22154H180500*12*1~NM1*QC*1*SAGERLEVANO*WILLIAM****MI*71289065~NM1*74*1***A~NM1*82*1*WRIGHT*JASMINE*N***XX*1003321787~REF*1L*0700~REF*G1*13396776~REF*SY*849986262~DTM*050*20220603~AMT*AU*448~SVC*HC:97153*89.6*89.6**8~DTM*472*20220516~REF*6R*GST30453~AMT*B6*89.60~SVC*HC:97153*89.6*89.6**8~DTM*472*20220520~REF*6R*GST30454~AMT*B6*89.60~SVC*HC:97153*89.6*89.6**8~DTM*472*20220523~REF*6R*GST30455~AMT*B6*89.60~SVC*HC:97153*89.6*89.6**8~DTM*472*20220524~REF*6R*GST30456~AMT*B6*89.60~SVC*HC:97153*89.6*89.6**8~DTM*472*20220526~REF*6R*GST30457~AMT*B6*89.60~CLP*GST1364*1*358.4*358.4**MC*22154H180600*12*1~NM1*QC*1*SANCHEZ*CARLOS****MI*YHZ72145635~NM1*74*1******C*72145635~NM1*82*1*WRIGHT*JASMINE*N***XX*1003321787~REF*1L*0700~REF*G1*13396608~REF*SY*717989721~DTM*050*20220603~AMT*AU*358.4~SVC*HC:97153*89.6*89.6**8~DTM*472*20220521~REF*6R*GST30458~AMT*B6*89.60~SVC*HC:97153*89.6*89.6**8~DTM*472*20220522~REF*6R*GST30459~AMT*B6*89.60~SVC*HC:97153*89.6*89.6**8~DTM*472*20220528~REF*6R*GST30460~AMT*B6*89.60~SVC*HC:97153*89.6*89.6**8~DTM*472*20220529~REF*6R*GST30461~AMT*B6*89.60~CLP*GST1366*1*907.2*907.2**MC*22154H180700*12*1~NM1*QC*1*SONSINI*ALINA****MI*YHZ72139211~NM1*74*1******C*72139211~NM1*82*1*WRIGHT*JASMINE*N***XX*1003321787~REF*1L*0700~REF*G1*13375132~REF*SY*693288748~DTM*050*20220603~AMT*AU*907.2~SVC*HC:97153*179.2*179.2**16~DTM*472*20220517~REF*6R*GST30468~AMT*B6*179.20~SVC*HC:97153*190.4*190.4**17~DTM*472*20220518~REF*6R*GST30469~AMT*B6*190.40~SVC*HC:97153*89.6*89.6**8~DTM*472*20220519~REF*6R*GST30470~AMT*B6*89.60~SVC*HC:97153*89.6*89.6**8~DTM*472*20220520~REF*6R*GST30471~AMT*B6*89.60~SVC*HC:97153*179.2*179.2**16~DTM*472*20220523~REF*6R*GST30472~AMT*B6*179.20~SVC*HC:97153*179.2*179.2**16~DTM*472*20220524~REF*6R*GST30473~AMT*B6*179.20~CLP*GST1367*1*846.3*846.3**MC*22154H180800*12*1~NM1*QC*1*SONSINI*ALINA****MI*YHZ72139211~NM1*74*1******C*72139211~NM1*82*1*WRIGHT*JASMINE*N***XX*1003321787~REF*1L*0700~REF*G1*13375132~REF*SY*693288748~DTM*050*20220603~AMT*AU*846.3~SVC*HC:97153*179.2*179.2**16~DTM*472*20220525~REF*6R*GST30474~AMT*B6*179.20~SVC*HC:97153*89.6*89.6**8~DTM*472*20220527~REF*6R*GST30475~AMT*B6*89.60~SVC*HC:97153*89.6*89.6**8~DTM*472*20220516~REF*6R*GST30476~AMT*B6*89.60~SVC*HC:97155*301.7*301.7**14~DTM*472*20220518~REF*6R*GST30477~AMT*B6*301.70~SVC*HC:97155*86.2*86.2**4~DTM*472*20220525~REF*6R*GST30478~AMT*B6*86.20~SVC*HC:H0032*100*100**4~DTM*472*20220519~REF*6R*GST30479~AMT*B6*100.00~CLP*GST1368*1*100*100**MC*22154H180900*12*1~NM1*QC*1*SONSINI*ALINA****MI*YHZ72139211~NM1*74*1******C*72139211~NM1*82*1*WRIGHT*JASMINE*N***XX*1003321787~REF*1L*0700~REF*G1*13375132~REF*SY*693288748~DTM*050*20220603~AMT*AU*100~SVC*HC:H0032*100*100**4~DTM*472*20220524~REF*6R*GST30480~AMT*B6*100.00~CLP*GST1370*1*75*75**MC*22154H181000*02*1~NM1*QC*1*WELLS*XAVIER****MI*72194011~NM1*82*1*WRIGHT*JASMINE*N***XX*1003321787~REF*1L*0700~REF*G1*13396801~REF*SY*063613593~DTM*050*20220603~AMT*AU*75~SVC*HC:97156:95*75*75**3~DTM*472*20220520~REF*6R*GST30484~AMT*B6*75.00~SE*507*0001~GE*1*971143997~IEA*1*971143997~