ISA*00*          *00*          *ZZ*330897513      *ZZ*THERALYMPIC    *220706*1252*^*00501*971775168*0*P*:~GS*HP*330897513*THERALYMPIC*20220706*1252*971775168*X*005010X221A1~ST*835*0001~BPR*I*2076.01*C*ACH*CCP*01*093702139*DA*0601849573*1591031071**01*021000021*DA*289355155*20220706~TRN*1*220702090002203*1591031071~REF*EV*330897513~REF*F2*1~DTM*405*20220703~N1*PR*CIGNA HEALTH AND LIFE INSURANCE COMPANY~N3*P.O. BOX 182223~N4*CHATTANOOGA*TN*374227223~PER*BL*EDI HELP DESK*TE*8008103388~N1*PE*THERALYMPIC SPEECH PLLC*XX*1730665043~N3*622 HAWKINS AVE~N4*RONKONKOMA*NY*117792374~REF*TJ*823478182~LX*1~TS3*1730665043*11*20221231*9*3000~CLP*THERA3470*1*400*274*68.5*13*4652218299435*11*1~NM1*QC*1*CEBRIAN*ALEJANDRO*S***MI*U7892468503~NM1*IL*1*CEBRIAN*ALEJANDRO****MI*U7892468501~NM1*82*1*NEOPHYTOU*CHRISTIANA*M***XX*1538561782~REF*1L*3174696~REF*CE*OPEN ACCESS PLUS~REF*G1*OP1045491864~DTM*232*20220609~DTM*233*20220616~DTM*050*20220701~PER*CX*MEMBER SERVICES*TE*8002446224~AMT*AU*342.5~SVC*HC:92507:GN*100*64.9~DTM*150*20220609~DTM*151*20220609~CAS*CO*45*18.87~CAS*PR*2*16.23~REF*6R*THERA35985~AMT*B6*81.13~SVC*HC:92526:GN*100*72.1~DTM*150*20220609~DTM*151*20220609~CAS*CO*45*9.88~CAS*PR*2*18.02~REF*6R*THERA35986~AMT*B6*90.12~SVC*HC:92507:GN*100*64.9~DTM*150*20220616~DTM*151*20220616~CAS*CO*45*18.87~CAS*PR*2*16.23~REF*6R*THERA35987~AMT*B6*81.13~SVC*HC:92526:GN*100*72.1~DTM*150*20220616~DTM*151*20220616~CAS*CO*45*9.88~CAS*PR*2*18.02~REF*6R*THERA35988~AMT*B6*90.12~CLP*THERA3519*1*400*282.5*60*13*8682218200190*11*1~NM1*QC*1*RIGO*HAILEE****MI*U5902817903~NM1*IL*1*RIGO*HAILEE****MI*U5902817901~NM1*82*1*NEOPHYTOU*CHRISTIANA*M***XX*1538561782~REF*1L*3207232~REF*CE*OPEN ACCESS PLUS IN-NETWORK~REF*G1*OP1150745355~DTM*232*20220604~DTM*233*20220611~DTM*050*20220701~PER*CX*MEMBER SERVICES*TE*8002446224~AMT*AU*342.5~SVC*HC:92507:GN*100*51.13~DTM*150*20220611~DTM*151*20220611~CAS*CO*45*18.87~CAS*PR*3*30~REF*6R*THERA36197~AMT*B6*81.13~SVC*HC:92526:GN*100*90.12~DTM*150*20220611~DTM*151*20220611~CAS*CO*45*9.88~REF*6R*THERA36198~AMT*B6*90.12~SVC*HC:92507:GN*100*51.13~DTM*150*20220604~DTM*151*20220604~CAS*CO*45*18.87~CAS*PR*3*30~REF*6R*THERA36199~AMT*B6*81.13~SVC*HC:92526:GN*100*90.12~DTM*150*20220604~DTM*151*20220604~CAS*CO*45*9.88~REF*6R*THERA36200~AMT*B6*90.12~CLP*THERA3518*1*600*363.75*150*13*8682218200191*11*1~NM1*QC*1*ZAMAN*ZAIN****MI*U6946202703~NM1*IL*1*ZAMAN*ZAIN****MI*U6946202701~NM1*82*1*NEOPHYTOU*CHRISTIANA*M***XX*1538561782~REF*1L*3339538~REF*CE*OPEN ACCESS PLUS~DTM*232*20220610~DTM*233*20220617~DTM*050*20220701~PER*CX*MEMBER SERVICES*TE*8002446224~AMT*AU*513.75~SVC*HC:92507:GN*100*31.13~DTM*150*20220610~DTM*151*20220610~CAS*CO*45*18.87~CAS*PR*3*50~REF*6R*THERA36191~AMT*B6*81.13~SVC*HC:92526:GN*100*90.12~DTM*150*20220610~DTM*151*20220610~CAS*CO*45*9.88~REF*6R*THERA36192~AMT*B6*90.12~SVC*HC:92507:GN*100*31.13~DTM*150*20220613~DTM*151*20220613~CAS*CO*45*18.87~CAS*PR*3*50~REF*6R*THERA36193~AMT*B6*81.13~SVC*HC:92526:GN*100*90.12~DTM*150*20220613~DTM*151*20220613~CAS*CO*45*9.88~REF*6R*THERA36194~AMT*B6*90.12~SVC*HC:92507:GN*100*31.13~DTM*150*20220617~DTM*151*20220617~CAS*CO*45*18.87~CAS*PR*3*50~REF*6R*THERA36195~AMT*B6*81.13~SVC*HC:92526:GN*100*90.12~DTM*150*20220617~DTM*151*20220617~CAS*CO*45*9.88~REF*6R*THERA36196~AMT*B6*90.12~CLP*THERA3520*1*200*121.25*50*13*8432218204494*11*1~NM1*QC*1*MADAPPILLETHU JOY*JOSHUA****MI*U7627344403~NM1*IL*1*MADAPPILLETHU JOY*JOSHUA****MI*U7627344401~NM1*74*1*M JOY*JOSHUA****C*U7627344403~NM1*82*1*NEOPHYTOU*CHRISTIANA*M***XX*1538561782~REF*1L*3341721~REF*CE*OPEN ACCESS PLUS~REF*G1*OP1146602361~DTM*232*20220610~DTM*233*20220610~DTM*050*20220701~PER*CX*MEMBER SERVICES*TE*8002446224~AMT*AU*171.25~SVC*HC:92507:GN*100*31.13~CAS*CO*45*18.87~CAS*PR*3*50~REF*6R*THERA36201~AMT*B6*81.13~SVC*HC:92526:GN*100*90.12~CAS*CO*45*9.88~REF*6R*THERA36202~AMT*B6*90.12~CLP*THERA3483*1*200*141.25*30*13*7682218296803*11*1~NM1*QC*1*MICELI*CLAIRE****MI*U4422424303~NM1*IL*1*MICELI*CLAIRE****MI*U4422424301~NM1*82*1*NEOPHYTOU*CHRISTIANA*M***XX*1538561782~REF*1L*3209336~REF*CE*OPEN ACCESS PLUS~REF*G1*OP1053497507~DTM*232*20220613~DTM*233*20220613~DTM*050*20220701~PER*CX*MEMBER SERVICES*TE*8002446224~AMT*AU*171.25~SVC*HC:92507:GN*100*51.13~CAS*CO*45*18.87~CAS*PR*3*30~REF*6R*THERA36041~AMT*B6*81.13~SVC*HC:92526:GN*100*90.12~CAS*CO*45*9.88~REF*6R*THERA36042~AMT*B6*90.12~CLP*THERA3498*1*400*272.5*70*13*9682218200145*11*1~NM1*QC*1*PERRET*LEO*F***MI*U4869911204~NM1*IL*1*PERRET*LEO****MI*U4869911201~NM1*82*1*MONTANO*STEPHANIE*L***XX*1417100983~REF*1L*3336505~REF*CE*OPEN ACCESS PLUS~REF*G1*OP1149574305~DTM*232*20220607~DTM*233*20220614~DTM*050*20220701~PER*CX*MEMBER SERVICES*TE*8002446224~AMT*AU*342.5~SVC*HC:92507:GN*100*46.13~DTM*150*20220607~DTM*151*20220607~CAS*CO*45*18.87~CAS*PR*3*35~REF*6R*THERA36109~AMT*B6*81.13~SVC*HC:92526:GN*100*90.12~DTM*150*20220607~DTM*151*20220607~CAS*CO*45*9.88~REF*6R*THERA36110~AMT*B6*90.12~SVC*HC:92507:GN*100*46.13~DTM*150*20220614~DTM*151*20220614~CAS*CO*45*18.87~CAS*PR*3*35~REF*6R*THERA36111~AMT*B6*81.13~SVC*HC:92526:GN*100*90.12~DTM*150*20220614~DTM*151*20220614~CAS*CO*45*9.88~REF*6R*THERA36112~AMT*B6*90.12~CLP*THERA3517*1*200*171.25**13*8682218200189*11*1~NM1*QC*1*FERRANTE*VINCENT****MI*U5071801304~NM1*IL*1*FERRANTE*VINCENT****MI*U5071801301~NM1*82*1*MONTANO*STEPHANIE*L***XX*1417100983~REF*1L*3331653~REF*CE*OPEN ACCESS PLUS~REF*G1*OP1093213213~DTM*232*20220609~DTM*233*20220609~DTM*050*20220701~PER*CX*MEMBER SERVICES*TE*8002446224~AMT*AU*171.25~SVC*HC:92507:GN*100*81.13~CAS*CO*45*18.87~REF*6R*THERA36189~AMT*B6*81.13~SVC*HC:92526:GN*100*90.12~CAS*CO*45*9.88~REF*6R*THERA36190~AMT*B6*90.12~CLP*THERA3501*1*200*141.25*30*13*7682218296804*11*1~NM1*QC*1*MICELI*MARCELLO****MI*U4422424304~NM1*IL*1*MICELI*MARCELLO****MI*U4422424301~NM1*82*1*NEOPHYTOU*CHRISTIANA*M***XX*1538561782~REF*1L*3209336~REF*CE*OPEN ACCESS PLUS~REF*G1*OP1184743814~DTM*232*20220613~DTM*233*20220613~DTM*050*20220701~PER*CX*MEMBER SERVICES*TE*8002446224~AMT*AU*171.25~SVC*HC:92507:GN*100*51.13~CAS*CO*45*18.87~CAS*PR*3*30~REF*6R*THERA36121~AMT*B6*81.13~SVC*HC:92526:GN*100*90.12~CAS*CO*45*9.88~REF*6R*THERA36122~AMT*B6*90.12~CLP*THERA3502*1*400*308.26*34.24*13*8222218291757*11*1~NM1*QC*1*HAGANS*MILA****MI*U0932584103~NM1*IL*1*HAGANS*MILA****MI*U0932584101~NM1*82*1*NEOPHYTOU*CHRISTIANA*M***XX*1538561782~REF*1L*2465206~REF*CE*OPEN ACCESS PLUS~REF*G1*OP1143766462~DTM*232*20220607~DTM*233*20220609~DTM*050*20220701~PER*CX*MEMBER SERVICES*TE*8002446224~AMT*AU*342.5~SVC*HC:92507:GN*100*73.02~DTM*150*20220607~DTM*151*20220607~CAS*CO*45*18.87~CAS*PR*2*8.11~REF*6R*THERA36123~AMT*B6*81.13~SVC*HC:92526:GN*100*81.11~DTM*150*20220607~DTM*151*20220607~CAS*CO*45*9.88~CAS*PR*2*9.01~REF*6R*THERA36124~AMT*B6*90.12~SVC*HC:92507:GN*100*73.02~DTM*150*20220609~DTM*151*20220609~CAS*CO*45*18.87~CAS*PR*2*8.11~REF*6R*THERA36125~AMT*B6*81.13~SVC*HC:92526:GN*100*81.11~DTM*150*20220609~DTM*151*20220609~CAS*CO*45*9.88~CAS*PR*2*9.01~REF*6R*THERA36126~AMT*B6*90.12~SE*307*0001~GE*1*971775168~IEA*1*971775168~