ISA*00*          *00*          *ZZ*330897513      *ZZ*THERALYMPIC    *220707*0740*^*00501*972408640*0*P*:~GS*HP*330897513*THERALYMPIC*20220707*0740*972408640*X*005010X221A1~ST*835*0001~BPR*H*0*C*NON************20220711~TRN*1*2022070816600052*1061172891*0000NYU01~REF*EV*BFT220003440~REF*F2*1333~DTM*405*20220706~N1*PR*UNITEDHEALTHCARE OF NEW YORK INC*XV*NYU01~N3*PO BOX 5290~N4*KINGSTON*NY*124025290~REF*2U*NYU01~PER*CX*PROVIDER CUSTOMER SERVICE*TE*8883623368~PER*BL*UHC ESOLUTIONS COMMUNITY HEALTHPLAN*TE*8002108315*EM*AC_EDI_OPS@UHC.COM*UR*WWW.UNITEDHEALTHCAREONLINE.COM~N1*PE*THERALYMPIC SPEECH*XX*1730665043~N3*622 HAWKINS AVE~N4*RONKONKOMA*NY*117792374~REF*TJ*823478182~LX*1~TS3*006877551502*11*20221231*7*2700~CLP*THERA3285*2*300*0**MC*22I061996100*11*1~NM1*QC*1*ROMERO*THIAGO****MI*110402035~NM1*82*1*NEOPHYTOU*CHRISTIANA*M**SLP*XX*1538561782~NM1*PR*2*EMPIRE BLUE CROSS BLUE SHIELD*****PI*56~REF*CE*NY COMMUNITY PLAN FOR FAMILIES~DTM*232*20220503~DTM*233*20220527~DTM*050*20220629~SVC*HC:92507:GN*100*0~DTM*472*20220524~CAS*OA*23*100~REF*LU*M1~REF*6R*33372~SVC*HC:92507:GN*100*0~DTM*472*20220527~CAS*OA*23*100~REF*LU*M2~REF*6R*33374~SVC*HC:92507:GN*100*0~DTM*472*20220503~CAS*OA*23*100~REF*LU*M3~REF*6R*33376~CLP*THERA3284*2*300*0**MC*22I061997800*11*1~NM1*QC*1*ROMERO*THIAGO****MI*110402035~NM1*82*1*NEOPHYTOU*CHRISTIANA*M**SLP*XX*1538561782~NM1*PR*2*EMPIRE BLUE CROSS BLUE SHIELD*****PI*56~REF*CE*NY COMMUNITY PLAN FOR FAMILIES~DTM*232*20220510~DTM*233*20220520~DTM*050*20220629~SVC*HC:92507:GN*100*0~DTM*472*20220510~CAS*CO*197*39.91**45*60.09~REF*LU*M1~REF*6R*33366~SVC*HC:92507:GN*100*0~DTM*472*20220517~CAS*CO*197*39.91**45*60.09~REF*LU*M2~REF*6R*33368~SVC*HC:92507:GN*100*0~DTM*472*20220520~CAS*CO*197*39.91**45*60.09~REF*LU*M3~REF*6R*33370~CLP*THERA3286*2*100*0**MC*22I070076300*11*1~NM1*QC*1*ROMERO*THIAGO****MI*110402035~NM1*82*1*NEOPHYTOU*CHRISTIANA*M**SLP*XX*1538561782~NM1*PR*2*EMPIRE BLUE CROSS BLUE SHIELD*****PI*56~REF*CE*NY COMMUNITY PLAN FOR FAMILIES~DTM*232*20220506~DTM*233*20220506~DTM*050*20220629~SVC*HC:92507:GN*100*0~DTM*472*20220506~CAS*OA*23*100~REF*LU*M1~REF*6R*33378~CLP*THERA3556*1*600*0*600*MC*22I217286200*11*1~NM1*QC*1*BARTONE*ABEL*S***MI*117493645~NM1*82*1*NEOPHYTOU*CHRISTIANA*M**SLP*XX*1538561782~MOA***N30~REF*CE*NY COMMUNITY PLAN FOR FAMILIES~DTM*232*20220607~DTM*233*20220614~DTM*036*20220430~DTM*050*20220701~SVC*HC:92507:GN*100*0~DTM*472*20220607~CAS*PR*27*100~REF*LU*M1~REF*6R*THERA36356~LQ*HE*N30~SVC*HC:92526:GN*100*0~DTM*472*20220607~CAS*PR*27*100~REF*LU*M2~REF*6R*THERA36357~LQ*HE*N30~SVC*HC:92507:GN*100*0~DTM*472*20220608~CAS*PR*27*100~REF*LU*M3~REF*6R*THERA36358~LQ*HE*N30~SVC*HC:92526:GN*100*0~DTM*472*20220608~CAS*PR*27*100~REF*LU*M4~REF*6R*THERA36359~LQ*HE*N30~SVC*HC:92507:GN*100*0~DTM*472*20220614~CAS*PR*27*100~REF*LU*M5~REF*6R*THERA36360~LQ*HE*N30~SVC*HC:92526:GN*100*0~DTM*472*20220614~CAS*PR*27*100~REF*LU*M6~REF*6R*THERA36361~LQ*HE*N30~CLP*THERA3577*1*600*0*600*MC*22I218203000*11*1~NM1*QC*1*JONES*JULIAN****MI*116062599~NM1*82*1*NEOPHYTOU*CHRISTIANA*M**SLP*XX*1538561782~MOA***N30~REF*CE*NY COMMUNITY PLAN FOR FAMILIES~DTM*232*20220606~DTM*233*20220614~DTM*036*20220531~DTM*050*20220701~SVC*HC:92507:GN*100*0~DTM*472*20220614~CAS*PR*27*100~REF*LU*M1~REF*6R*THERA36451~LQ*HE*N30~SVC*HC:92526:GN*100*0~DTM*472*20220614~CAS*PR*27*100~REF*LU*M2~REF*6R*THERA36452~LQ*HE*N30~SVC*HC:92507:GN*100*0~DTM*472*20220606~CAS*PR*27*100~REF*LU*M3~REF*6R*THERA36453~LQ*HE*N30~SVC*HC:92526:GN*100*0~DTM*472*20220606~CAS*PR*27*100~REF*LU*M4~REF*6R*THERA36454~LQ*HE*N30~SVC*HC:92507:GN*100*0~DTM*472*20220607~CAS*PR*27*100~REF*LU*M5~REF*6R*THERA36455~LQ*HE*N30~SVC*HC:92526:GN*100*0~DTM*472*20220607~CAS*PR*27*100~REF*LU*M6~REF*6R*THERA36456~LQ*HE*N30~CLP*THERA3576*1*600*0*600*MC*22I218205400*11*1~NM1*QC*1*JONES*JULIAN****MI*116062599~NM1*82*1*NEOPHYTOU*CHRISTIANA*M**SLP*XX*1538561782~MOA***N30~REF*CE*NY COMMUNITY PLAN FOR FAMILIES~DTM*232*20220608~DTM*233*20220613~DTM*036*20220531~DTM*050*20220701~SVC*HC:92507:GN*100*0~DTM*472*20220608~CAS*PR*27*100~REF*LU*M1~REF*6R*THERA36445~LQ*HE*N30~SVC*HC:92526:GN*100*0~DTM*472*20220608~CAS*PR*27*100~REF*LU*M2~REF*6R*THERA36446~LQ*HE*N30~SVC*HC:92507:GN*100*0~DTM*472*20220610~CAS*PR*27*100~REF*LU*M3~REF*6R*THERA36447~LQ*HE*N30~SVC*HC:92526:GN*100*0~DTM*472*20220610~CAS*PR*27*100~REF*LU*M4~REF*6R*THERA36448~LQ*HE*N30~SVC*HC:92507:GN*100*0~DTM*472*20220613~CAS*PR*27*100~REF*LU*M5~REF*6R*THERA36449~LQ*HE*N30~SVC*HC:92526:GN*100*0~DTM*472*20220613~CAS*PR*27*100~REF*LU*M6~REF*6R*THERA36450~LQ*HE*N30~CLP*THERA3557*1*200*0*200*MC*22I242945600*11*1~NM1*QC*1*BARTONE*ABEL*S***MI*117493645~NM1*82*1*NEOPHYTOU*CHRISTIANA*M**SLP*XX*1538561782~MOA***N30~REF*CE*NY COMMUNITY PLAN FOR FAMILIES~DTM*232*20220615~DTM*233*20220615~DTM*036*20220430~DTM*050*20220701~SVC*HC:92507:GN*100*0~DTM*472*20220615~CAS*PR*27*100~REF*LU*M1~REF*6R*THERA36362~LQ*HE*N30~SVC*HC:92526:GN*100*0~DTM*472*20220615~CAS*PR*27*100~REF*LU*M2~REF*6R*THERA36363~LQ*HE*N30~SE*234*0001~GE*1*972408640~IEA*1*972408640~