ISA*00*          *00*          *ZZ*330897513      *ZZ*GROWTHSTREET   *220820*0540*U*00401*986088276*0*P*:~GS*HP*330897513*GROWTHSTREET*20220820*0540*986088276*X*004010X091A1~ST*835*0001~BPR*I*3435*C*ACH*CCP*01*061000052*DA*3359874248*1223375292**01*211370150*DA*98960266*20220822~TRN*1*3187403095*1223375292~REF*EV*AGP~DTM*405*20220819~N1*PR*AMERIGROUP NEW JERSEY, INC.~N3*PO BOX 7368   GA081E-0014~N4*COLUMBUS*GA*31908~REF*2U*26375~N1*PE*GROWTH STREET ABA*XX*1649805581~N3*28 WALNUT PKWY*STE 2~N4*MONTCLAIR*NJ*07042~REF*TJ*845007863~LX*1~CLP*GST1782*1*995*995**MC*228380962800278*12*1~NM1*QC*1*VEGA*KAIZER****MI*725549470~NM1*82*1*WRIGHT*JASMINE****XX*1003321787~REF*CE*NEW JERSEY~DTM*050*20220811~PER*CX**TE*8004543730~SVC*HC:97153*135*135**9~DTM*472*20220801~REF*6R*GST50097~AMT*B6*135~SVC*HC:97153*120*120**8~DTM*472*20220802~REF*6R*GST50098~AMT*B6*120~SVC*HC:97153*210*210**14~DTM*472*20220803~REF*6R*GST50099~AMT*B6*210~SVC*HC:97153*195*195**13~DTM*472*20220804~REF*6R*GST50100~AMT*B6*195~SVC*HC:97153*165*165**11~DTM*472*20220805~REF*6R*GST50101~AMT*B6*165~SVC*HC:97155*170*170**8~DTM*472*20220801~REF*6R*GST50102~AMT*B6*170~CLP*GST1783*1*205*205**MC*228383980100277*12*1~NM1*QC*1*PEREZ*LENNY****MI*721814849~NM1*82*1*WRIGHT*JASMINE****XX*1003321787~REF*CE*NEW JERSEY~DTM*050*20220811~PER*CX**TE*8004543730~SVC*HC:97155*85*85**4~DTM*472*20220729~REF*6R*GST50103~AMT*B6*85~SVC*HC:97153*120*120**8~DTM*472*20220802~REF*6R*GST50104~AMT*B6*120~CLP*GST1778*1*720*720**MC*228383981800280*12*1~NM1*QC*1*AHMED*OMAR****MI*724744267~NM1*82*1*WRIGHT*JASMINE****XX*1003321787~REF*CE*NEW JERSEY~DTM*050*20220811~PER*CX**TE*8004543730~SVC*HC:97153*180*180**12~DTM*472*20220801~REF*6R*GST50083~AMT*B6*180~SVC*HC:97153*180*180**12~DTM*472*20220802~REF*6R*GST50084~AMT*B6*180~SVC*HC:97153*180*180**12~DTM*472*20220803~REF*6R*GST50085~AMT*B6*180~SVC*HC:97153*180*180**12~DTM*472*20220804~REF*6R*GST50086~AMT*B6*180~CLP*GST1780*1*660*660**MC*228386129500276*12*1~NM1*QC*1*OPOLOT*OLIVIA****MI*725753875~NM1*82*1*WRIGHT*JASMINE****XX*1003321787~REF*CE*NEW JERSEY~DTM*050*20220811~PER*CX**TE*8004543730~SVC*HC:97156*225*225**9~DTM*472*20220807~REF*6R*GST50091~AMT*B6*225~SVC*HC:97153*120*120**8~DTM*472*20220805~REF*6R*GST50092~AMT*B6*120~SVC*HC:97153*135*135**9~DTM*472*20220802~REF*6R*GST50093~AMT*B6*135~SVC*HC:97153*180*180**12~DTM*472*20220807~REF*6R*GST50094~AMT*B6*180~CLP*GST1781*1*360*360**MC*228386134100279*12*1~NM1*QC*1*ESQUIT*DYLAN****MI*724904765~NM1*74*1*ESQUITESTRAD~NM1*82*1*WRIGHT*JASMINE****XX*1003321787~REF*CE*NEW JERSEY~DTM*050*20220811~PER*CX**TE*8004543730~SVC*HC:97153*180*180**12~DTM*472*20220802~REF*6R*GST50095~AMT*B6*180~SVC*HC:97153*180*180**12~DTM*472*20220803~REF*6R*GST50096~AMT*B6*180~CLP*GST1779*1*495*495**MC*228386180200281*12*1~NM1*QC*1*GUTIERREZMEJ*EMMA****MI*722611623~NM1*82*1*WRIGHT*JASMINE****XX*1003321787~REF*CE*NEW JERSEY~DTM*050*20220811~PER*CX**TE*8004543730~SVC*HC:97153*120*120**8~DTM*472*20220801~REF*6R*GST50087~AMT*B6*120~SVC*HC:97153*120*120**8~DTM*472*20220802~REF*6R*GST50088~AMT*B6*120~SVC*HC:97153*120*120**8~DTM*472*20220803~REF*6R*GST50089~AMT*B6*120~SVC*HC:97153*135*135**9~DTM*472*20220804~REF*6R*GST50090~AMT*B6*135~SE*140*0001~GE*1*986088276~IEA*1*986088276~