ISA*00*          *00*          *ZZ*330897513      *ZZ*MHCDI          *220307*0244*U*00401*929347217*0*P*:~GS*HP*330897513*MHCDI*20220307*0244*929347217*X*004010X091A1~ST*835*0001~BPR*I*4096.5*C*ACH*CCP*01*061000052*DA*3299126187*1202994048**01*322271627*DA*1884571473*20220308~TRN*1*3174253536*1202994048~REF*EV*FAC~DTM*405*20220306~N1*PR*CA MEDI-CAL~N3*3075 VANDERCAR WAY~N4*CINCINNATI*OH*45209~REF*2U*47198~N1*PE*MHCDI AUTISM INTEGRATIVE*XX*1174860662~N3*600 W BROADWAY STE 315~N4*GLENDALE*CA*91204~REF*TJ*251916539~LX*1~CLP*MHCDI1870*1*1526*176**HM*2022046DX8715~NM1*QC*1*SHERMAN*STEFANI****MI*JQC99426140G~REF*CE*MEDI-CAL LA~DTM*050*20220215~PER*CX**TE*8882857801~SVC*HC:97153*270*0**24~DTM*472*20220207~CAS*CO*204*270~REF*6R*MHCDI14948~SVC*HC:97155:95*176*176**8~DTM*472*20220207~REF*6R*MHCDI14953~AMT*B6*176~SVC*HC:97153*270*0**24~DTM*472*20220208~CAS*CO*204*270~REF*6R*MHCDI14949~SVC*HC:97153*270*0**24~DTM*472*20220209~CAS*CO*204*270~REF*6R*MHCDI14950~SVC*HC:97153*270*0**24~DTM*472*20220210~CAS*CO*204*270~REF*6R*MHCDI14951~SVC*HC:97153*270*0**24~DTM*472*20220211~CAS*CO*204*270~REF*6R*MHCDI14952~CLP*MHCDI1728*1*176*176**HM*2022047BU7795~NM1*QC*1*TOROSYAN*ARSEN****MI*JQC99018257F~REF*CE*MEDI-CAL LA~DTM*050*20220216~PER*CX**TE*8882857801~SVC*HC:97156:95*176*176**8~DTM*472*20211227~REF*6R*MHCDI10969~AMT*B6*176~CLP*MHCDI1767*1*798*798**HM*2022047BV1441~NM1*QC*1*TOROSYAN*ARSEN****MI*JQC99018257F~REF*CE*MEDI-CAL LA~DTM*050*20220216~PER*CX**TE*8882857801~SVC*HC:97155:95*176*176**8~DTM*472*20220110~REF*6R*MHCDI12225~AMT*B6*176~SVC*HC:97153*90*90**8~DTM*472*20220110~REF*6R*MHCDI12228~AMT*B6*90~SVC*HC:97155:95*176*176**8~DTM*472*20220111~REF*6R*MHCDI12226~AMT*B6*176~SVC*HC:97153*90*90**8~DTM*472*20220111~REF*6R*MHCDI12229~AMT*B6*90~SVC*HC:97153:95*90*90**8~DTM*472*20220113~REF*6R*MHCDI12230~AMT*B6*90~SVC*HC:97155:95*176*176**8~DTM*472*20220114~REF*6R*MHCDI12227~AMT*B6*176~CLP*MHCDI1897*1*1070*440**HM*2022054BW4638~NM1*QC*1*SHERMAN*STEFANI****MI*JQC99426140G~REF*CE*MEDI-CAL LA~DTM*050*20220223~PER*CX**TE*8882857801~SVC*HC:97153*270*0**24~DTM*472*20220214~CAS*CO*198*270~REF*6R*MHCDI15388~LQ*HE*N640~SVC*HC:97155:95*176*176**8~DTM*472*20220215~REF*6R*MHCDI15385~AMT*B6*176~SVC*HC:97153*90*0**8~DTM*472*20220215~CAS*CO*198*90~REF*6R*MHCDI15389~LQ*HE*N640~SVC*HC:97156:95*176*176**8~DTM*472*20220216~REF*6R*MHCDI15386~AMT*B6*176~SVC*HC:97153*270*0**24~DTM*472*20220216~CAS*CO*198*270~REF*6R*MHCDI15390~LQ*HE*N640~SVC*HC:97155:95*88*88**4~DTM*472*20220218~REF*6R*MHCDI15387~AMT*B6*88~CLP*MHCDI1900*1*448*448**HM*2022054BW5073~NM1*QC*1*MKRTCHYAN*VARSINE****MI*JQC98159750G~REF*CE*MEDI-CAL LA~DTM*050*20220223~PER*CX**TE*8882857801~SVC*HC:97153*90*90**8~DTM*472*20220214~REF*6R*MHCDI15399~AMT*B6*90~SVC*HC:97153*90*90**8~DTM*472*20220215~REF*6R*MHCDI15400~AMT*B6*90~SVC*HC:97153*90*90**8~DTM*472*20220216~REF*6R*MHCDI15401~AMT*B6*90~SVC*HC:97155:95*88*88**4~DTM*472*20220217~REF*6R*MHCDI15398~AMT*B6*88~SVC*HC:97153*90*90**8~DTM*472*20220217~REF*6R*MHCDI15402~AMT*B6*90~CLP*MHCDI1898*4*585*0**HM*2022054BW5191~NM1*QC*1*SHERMAN*STEFANI****MI*JQC99426140G~REF*CE*MEDI-CAL LA~DTM*050*20220223~PER*CX**TE*8882857801~SVC*HC:97153*90*0****8~DTM*472*20220217~CAS*CO*198*90~REF*6R*MHCDI15391~LQ*HE*N640~SVC*HC:97153*270*0****24~DTM*472*20220218~CAS*CO*198*270~REF*6R*MHCDI15392~LQ*HE*N640~SVC*HC:97153*225*0****20~DTM*472*20220219~CAS*CO*198*225~REF*6R*MHCDI15393~LQ*HE*N640~CLP*MHCDI1896*1*575*575**HM*2022054BW5221~NM1*QC*1*GEVORKYAN*SERGEY****MI*JQC97136835G~REF*CE*MEDI-CAL LA~DTM*050*20220223~PER*CX**TE*8882857801~SVC*HC:97155:95*176*176**8~DTM*472*20220215~REF*6R*MHCDI15380~AMT*B6*176~SVC*HC:97153*90*90**8~DTM*472*20220215~REF*6R*MHCDI15383~AMT*B6*90~SVC*HC:97155:95*88*88**4~DTM*472*20220216~REF*6R*MHCDI15381~AMT*B6*88~SVC*HC:97153*45*45**4~DTM*472*20220216~REF*6R*MHCDI15384~AMT*B6*45~SVC*HC:97156:95*176*176**8~DTM*472*20220217~REF*6R*MHCDI15382~AMT*B6*176~CLP*MHCDI1884*1*689.5*689.5**HM*2022054BW7161~NM1*QC*1*TRACHIAN*ANI****MI*JQC97926608F~REF*CE*MEDI-CAL LA~DTM*050*20220223~PER*CX**TE*8882857801~SVC*HC:97153*112.5*112.5**10~DTM*472*20220215~REF*6R*MHCDI15333~AMT*B6*112.5~SVC*HC:97153*112.5*112.5**10~DTM*472*20220217~REF*6R*MHCDI15334~AMT*B6*112.5~SVC*HC:97155:95*176*176**8~DTM*472*20220217~REF*6R*MHCDI15336~AMT*B6*176~SVC*HC:97153*112.5*112.5**10~DTM*472*20220219~REF*6R*MHCDI15335~AMT*B6*112.5~SVC*HC:97155:95*176*176**8~DTM*472*20220219~REF*6R*MHCDI15337~AMT*B6*176~CLP*MHCDI1890*1*90*90**HM*2022054BX0124~NM1*QC*1*BALOYAN*DANIEL****MI*JQC92343905E~REF*CE*MEDI-CAL LA~DTM*050*20220223~PER*CX**TE*8882857801~SVC*HC:97153*90*90**8~DTM*472*20220215~REF*6R*MHCDI15356~AMT*B6*90~CLP*MHCDI1903*1*704*704**HM*2022054BX1037~NM1*QC*1*YUSPASHYAN*ARTYOM****MI*JQC95825414G~REF*CE*MEDI-CAL LA~DTM*050*20220223~PER*CX**TE*8882857801~SVC*HC:97155:95*176*176**8~DTM*472*20220207~REF*6R*MHCDI15411~AMT*B6*176~SVC*HC:97155:95*176*176**8~DTM*472*20220208~REF*6R*MHCDI15412~AMT*B6*176~SVC*HC:97155:95*176*176**8~DTM*472*20220214~REF*6R*MHCDI15413~AMT*B6*176~SVC*HC:97155:95*176*176**8~DTM*472*20220216~REF*6R*MHCDI15414~AMT*B6*176~SE*239*0001~GE*1*929347217~IEA*1*929347217~